

@article{1,
author = "Mohammad Nuruzzaman and Omar Khadeer Hussain",
title = "A survey on Chatbot Implementation in Customer Service Industry through Deep Neural Networks",
year = "2018",
pages = "54 -- 61",
journal = "IEEE",
ISBN = "978-1-5386-7992-0/18",
}

@article{2,
title = "Comparative Analysis of Chatbots",
author = "Shivang Verma, Lakshay Sahni, Moolchand Sharma",
year = "2020",
pages = "8",
journal = "ICICC",
}

@article{3,
title = "An Intellingent Behavior Shown by Chatbot System.",
author = "Vibhor Sharma, Monika Goyald, Drishti Malik",
journal = "Business Horizons",
year = "2017",
pages = "52 -- 54",
ISSN = "2454-4116",
}

@article{4,
title = "A Tool of Conversation: Chatbot",
author = "Menal Dahiya",
journal ="IJNTR",
year = "2017",
pages = "158 -- 161",
ISSN = "2347-2693",
}

@article{5,
title = "A Survey of Chatbot System through a Loebner Prize Competition",
author = "Luka Bradeško, Dunja Mladennić",
journal = "IJNTR",
year = "2012",
pages = "34",
ISBN = "978-1-5386-7992-0/18",
}

@article{6,
title = "From Artificial Intelligence to Human Super-Inteligence",
author = "Dr. Alexander A. Antonov",
journal="International Journal of Computer Information System",
year = "2011",
pages = "164 -- 173",
ISSN = "2229-5208",
}

@inproceedings{7,
title = "CHATBOT: Architecture, Design and Development",
author = "Jack Cahn",
organization = "University of Pennsylvania",
year = "2017",
pages = "38",
}

@book{8,
title = "The Elements of AIML Style",
author = "Dr. Richard S. Wallance",
year = "2021",
pages = "84",
}

@article{b,
title = "An E-business Chatbots using AIML and LSA",
author = "N. T. Thomas",
journal = "ICACCI",
year = "2016",
pages = "2740 -- 2742",
}

@inproceedings{a,
title = "Deffirent measurments metrics to evaluate a chatbot system",
author = "Brayen Shawar, Eric Atwell",
year = "2007",
pages = "89 -- 96",
}

@article{c,
title = "Siri, Siri, in my hand: Who's the fairest in the land? On the interpretations, illustrations, and implication of artificial intelligence. ",
author = "Andreas Kaplan, Michael Heanlein",
year = "2019",
pages = "15 -- 25",
ISSN = "0007-6813",
journal = "Business Horizons",
}





